<record><leader>00000cas a22000007a 4500</leader><controlfield tag="001">17246700</controlfield><controlfield tag="008">871216d18841902ohuwr ne      0    0eng d</controlfield><datafield ind1=" " ind2=" " tag="010"><subfield code="a">sn 87076934 </subfield></datafield><datafield ind1=" " ind2=" " tag="040"><subfield code="a">ONP</subfield><subfield code="b">eng</subfield><subfield code="c">ONP</subfield><subfield code="d">OCL</subfield><subfield code="d">ONP</subfield><subfield code="d">OCLCQ</subfield></datafield><datafield ind1=" " ind2=" " tag="019"><subfield code="a">17246707</subfield></datafield><datafield ind1=" " ind2=" " tag="042"><subfield code="a">msc</subfield></datafield><datafield ind1="0" ind2="4" tag="245"><subfield code="a">The St. Paris era dispatch.</subfield></datafield><datafield ind1="3" ind2="0" tag="246"><subfield code="a">Saint Paris era dispatch</subfield></datafield><datafield ind1="3" ind2="0" tag="246"><subfield code="a">St. Paris dispatch</subfield></datafield><datafield ind1=" " ind2=" " tag="260"><subfield code="a">Saint Paris, Champaign Co., Ohio :</subfield><subfield code="b">Charles R. Musson</subfield></datafield><datafield ind1=" " ind2=" " tag="300"><subfield code="a">v.</subfield></datafield><datafield ind1=" " ind2=" " tag="310"><subfield code="a">Weekly,</subfield><subfield code="b">Jan. 7, 1887-&lt;1902&gt;</subfield></datafield><datafield ind1=" " ind2=" " tag="321"><subfield code="a">Weekly,</subfield><subfield code="b">&lt;Feb.&gt; 1884-Oct. 30, 1885</subfield></datafield><datafield ind1=" " ind2=" " tag="321"><subfield code="a">Semiweekly,</subfield><subfield code="b">Nov. 3, 1885-Jan. 4, 1887</subfield></datafield><datafield ind1="1" ind2=" " tag="362"><subfield code="a">Began in Feb. 1884; ceased in 1902?</subfield></datafield><datafield ind1=" " ind2=" " tag="500"><subfield code="a">Published as: St. Paris dispatch, &lt;Oct. 4, 1901&gt;-Dec. 5, 1901.</subfield></datafield><datafield ind1=" " ind2=" " tag="588"><subfield code="a">Description based on: Vol. 13, no. 9 (Mar. 7, 1884).</subfield></datafield><datafield ind1=" " ind2="4" tag="651"><subfield code="a">Saint Paris (Ohio)</subfield><subfield code="v">Newspapers.</subfield></datafield><datafield ind1=" " ind2="4" tag="651"><subfield code="a">Champaign County (Ohio)</subfield><subfield code="v">Newspapers.</subfield></datafield><datafield ind1=" " ind2=" " tag="752"><subfield code="a">United States</subfield><subfield code="b">Ohio</subfield><subfield code="c">Champaign</subfield><subfield code="d">Saint Paris.</subfield></datafield><datafield ind1="0" ind2="4" tag="780"><subfield code="t">St. Paris dispatch (Saint Paris, Ohio : 1881)</subfield><subfield code="w">(DLC)sn 87076932</subfield></datafield><datafield ind1="0" ind2="4" tag="780"><subfield code="t">St. Paris new-era</subfield><subfield code="w">(DLC)sn 87076933</subfield></datafield><datafield ind1="0" ind2="7" tag="785"><subfield code="t">Saint Paris news</subfield><subfield code="w">(DLC)sn 87076937</subfield></datafield><datafield ind1="0" ind2="7" tag="785"><subfield code="t">News-dispatch (Saint Paris, Ohio)</subfield><subfield code="w">(DLC)sn 83035399</subfield></datafield><datafield ind1="1" ind2=" " tag="029"><subfield code="a">AU@</subfield><subfield code="b">000025803111</subfield></datafield></record>